@article{van2002distributed,
  title={Distributed systems principles and paradigms},
  author={Van Steen, Maarten and Tanenbaum, A},
  journal={Network},
  volume={2},
  pages={28},
  year={2002}
},
@mastersthesis{roth2017sistema,
  title={Sistema P2P transparente para transfer{\^e}ncia de arquivos utilizando UDP Hole Punching},
  author={Roth Filho, Hamilton},
  type={{B.S.} thesis},
  year={2017},
  school={Universidade Tecnol{\'o}gica Federal do Paran{\'a}}
},
@article{macedo2008estudo,
  title={Um estudo de estrat{\'e}gias de sistemas distribuidos aplicadas a sistemas de telemedicina},
  author={Macedo, Douglas Dyllon J de and others},
  year={2008},
  publisher={Florian{\'o}polis, SC}
},
@inproceedings{rocha2004peer,
  title={Peer-to-peer: Computa{\c{c}}ao colaborativa na internet},
  author={Rocha, Jo{\~a}o and Domingues, Marco and Callado, Arthur and Souto, Eduardo and Silvestre, Guthemberg and Kamienski, Carlos and Sadok, Djamel},
  booktitle={Minicursos do XXII Simposio Brasileiro de Redes de Computadores (SBRC 2004)},
  year={2004}
},
@article{androutsellis2004survey,
  title={A survey of peer-to-peer content distribution technologies},
  author={Androutsellis-Theotokis, Stephanos and Spinellis, Diomidis},
  journal={ACM computing surveys (CSUR)},
  volume={36},
  number={4},
  pages={335--371},
  year={2004},
  publisher={ACM New York, NY, USA}
},
@MISC{p2p,
author = {siqueira, Frank},
title = {Redes Peer-to-Peer},
month = outubro,
year = {2010},
howpublished={\url{http://www.inf.ufsc.br/~frank.siqueira/INE6514/P2P-Slides.pdf}}
}

@inproceedings{inproceedings,
author = {Walkerdine, James and Melville, Lee and Sommerville, Ian},
year = {2002},
month = {02},
pages = {173 - 174},
title = {Dependability Properties of P2P Architectures},
isbn = {0-7695-1810-9},
doi = {10.1109/PTP.2002.1046331}
}

@article{coulourisdistributed,
  title={Distributed systems},
  author={Coulouris, Jean and Wesley, Pearson},
  journal={Conceots and}
}